<?xml version='1.0' encoding='UTF-8'?>
<collection>
 <record>
  <leader>01273nam  2200217   45  </leader>
  <controlfield tag='001'>LO10865597</controlfield>
  <controlfield tag='005'>20041004000000.0</controlfield>
  <datafield tag='100' ind1=' ' ind2=' '>
    <subfield code='a'>20061219D1835    |||u0ITAa01030506ba</subfield>
  </datafield>
  <datafield tag='101' ind1='|' ind2=' '>
    <subfield code='a'>ITA</subfield>
  </datafield>
  <datafield tag='102' ind1=' ' ind2=' '>
    <subfield code='a'>IT</subfield>
  </datafield>
  <datafield tag='105' ind1=' ' ind2=' '>
    <subfield code='a'>        00|||</subfield>
  </datafield>
  <datafield tag='200' ind1='1' ind2=' '>
    <subfield code='a'>Florilegio drammatico francese. Tomo 2</subfield>
  </datafield>
  <datafield tag='210' ind1=' ' ind2=' '>
    <subfield code='a'>Livorno</subfield>
    <subfield code='c'>Migliaresi e Carrarini</subfield>
    <subfield code='d'>1835</subfield>
  </datafield>
  <datafield tag='215' ind1=' ' ind2=' '>
    <subfield code='a'>165 p.</subfield>
    <subfield code='d'>16 cm</subfield>
  </datafield>
  <datafield tag='225' ind1='2' ind2=' '>
    <subfield code='a'>Florilegio drammatico francese</subfield>
    <subfield code='v'>         2</subfield>
  </datafield>
  <datafield tag='300' ind1=' ' ind2=' '>
    <subfield code='a'>Contiene : La procura, e la convalescenza ; La camera verde ossia le disgrazie d&apos;un amante fortunato. - 1. vol. di un&apos;opera in tre tomi.</subfield>
  </datafield>
  <datafield tag='410' ind1=' ' ind2='0'>
    <subfield code='1'>001LO10878326</subfield>
    <subfield code='1'>2001 </subfield>
    <subfield code='a'>Florilegio drammatico francese</subfield>
  </datafield>
  <datafield tag='423' ind1=' ' ind2='1'>
    <subfield code='1'>001LO10878361</subfield>
    <subfield code='1'>2001 </subfield>
    <subfield code='a'>La procura, e la convalescenza</subfield>
    <subfield code='1'>200 1</subfield>
    <subfield code='e'>commedia nuovissima</subfield>
    <subfield code='1'>700 1</subfield>
    <subfield code='e'>Mazères, Édouard Joseph Ennemond</subfield>
    <subfield code='3'>CLIAV009431</subfield>
    <subfield code='1'>701 1</subfield>
    <subfield code='e'>Théaulon de Lambert, Marie</subfield>
    <subfield code='3'>DLIAV026126</subfield>
  </datafield>
  <datafield tag='423' ind1=' ' ind2='1'>
    <subfield code='1'>001LO10878362</subfield>
    <subfield code='1'>2001 </subfield>
    <subfield code='a'>La camera verde ossia le disgrazie d&apos;un amante fortunato</subfield>
    <subfield code='1'>200 1</subfield>
    <subfield code='e'>commedia</subfield>
    <subfield code='1'>700 1</subfield>
    <subfield code='e'>Scribe, Eugène</subfield>
    <subfield code='3'>CCFIV037439</subfield>
    <subfield code='1'>701 1</subfield>
    <subfield code='e'>Théaulon de Lambert, Marie Emmanuel Guillaume Marguerite &lt;1787-1841&gt;</subfield>
    <subfield code='3'>DLIAV026126</subfield>
  </datafield>
  <datafield tag='801' ind1=' ' ind2='0'>
    <subfield code='a'>IT</subfield>
    <subfield code='b'>sPolo Regionale Lombardo</subfield>
    <subfield code='c'>20041004</subfield>
    <subfield code='g'>RICA</subfield>
  </datafield>
  <datafield tag='950' ind1=' ' ind2='0'>
    <subfield code='a'>LO1 44 Biblioteca Accademia dei Filodrammatici Milano</subfield>
    <subfield code='b'>1 v.</subfield>
    <subfield code='d'>E.II 10</subfield>
    <subfield code='e'>   00002378</subfield>
  </datafield>
</record>