
<record>
  <leader>01447nam  2200313   45  </leader>
  <controlfield tag='001'>AQ10035993</controlfield>
  <controlfield tag='005'>20010920000000.0</controlfield>
  <datafield tag='100' ind1=' ' ind2=' '>
    <subfield code='a'>20061219D1949    |||u0ITAa01030506ba</subfield>
  </datafield>
  <datafield tag='101' ind1='|' ind2=' '>
    <subfield code='a'>ITA</subfield>
  </datafield>
  <datafield tag='102' ind1=' ' ind2=' '>
    <subfield code='a'>IT</subfield>
  </datafield>
  <datafield tag='105' ind1=' ' ind2=' '>
    <subfield code='a'>        00|||</subfield>
  </datafield>
  <datafield tag='200' ind1='1' ind2=' '>
    <subfield code='a'>Il villano al suo villaggio ; L&apos;astuta innamorata</subfield>
    <subfield code='f'>di Lope de Vega</subfield>
  </datafield>
  <datafield tag='210' ind1=' ' ind2=' '>
    <subfield code='a'>Milano</subfield>
    <subfield code='a'>Roma</subfield>
    <subfield code='c'>Bompiani</subfield>
    <subfield code='d'>stampa 1949</subfield>
  </datafield>
  <datafield tag='215' ind1=' ' ind2=' '>
    <subfield code='a'>363 p.</subfield>
    <subfield code='d'>18 cm.</subfield>
  </datafield>
  <datafield tag='225' ind1='2' ind2=' '>
    <subfield code='a'>Pegaso teatrale</subfield>
    <subfield code='v'>        11</subfield>
  </datafield>
  <datafield tag='410' ind1=' ' ind2='0'>
    <subfield code='1'>001RAV0051943</subfield>
    <subfield code='1'>2001 </subfield>
    <subfield code='a'>Pegaso teatrale</subfield>
  </datafield>
  <datafield tag='423' ind1=' ' ind2='1'>
    <subfield code='1'>001AQ10035994</subfield>
    <subfield code='1'>2001 </subfield>
    <subfield code='a'>Il villano al suo villaggio</subfield>
    <subfield code='1'>700 1</subfield>
    <subfield code='a'>Vega, Lope : de</subfield>
    <subfield code='3'>CCFIV049435</subfield>
  </datafield>
  <datafield tag='423' ind1=' ' ind2='1'>
    <subfield code='1'>001AQ10035995</subfield>
    <subfield code='1'>2001 </subfield>
    <subfield code='a'>L&apos;astuta innamorata</subfield>
    <subfield code='1'>700 1</subfield>
    <subfield code='a'>Vega, Lope : de</subfield>
    <subfield code='3'>CCFIV049435</subfield>
  </datafield>
  <datafield tag='454' ind1=' ' ind2='1'>
    <subfield code='1'>001AQ10035997</subfield>
    <subfield code='1'>2001 </subfield>
    <subfield code='a'>La discreta enamorada</subfield>
    <subfield code='1'>700 1</subfield>
    <subfield code='a'>Vega, Lope : de</subfield>
    <subfield code='3'>CCFIV049435</subfield>
  </datafield>
  <datafield tag='454' ind1=' ' ind2='1'>
    <subfield code='1'>001AQ10035996</subfield>
    <subfield code='1'>2001 </subfield>
    <subfield code='a'>El villano en su rincon</subfield>
    <subfield code='1'>700 1</subfield>
    <subfield code='a'>Vega, Lope : de</subfield>
    <subfield code='3'>CCFIV049435</subfield>
  </datafield>
  <datafield tag='676' ind1=' ' ind2=' '>
    <subfield code='a'>863.3</subfield>
    <subfield code='v'>19</subfield>
  </datafield>
  <datafield tag='700' ind1=' ' ind2='1'>
    <subfield code='a'>Vega, Lope : de</subfield>
    <subfield code='3'>CCFIV049435</subfield>
  </datafield>
  <datafield tag='801' ind1=' ' ind2='0'>
    <subfield code='a'>IT</subfield>
    <subfield code='b'>sPolo Regionale Lombardo</subfield>
    <subfield code='c'>20010920</subfield>
    <subfield code='g'>RICA</subfield>
  </datafield>
  <datafield tag='900' ind1=' ' ind2='1'>
    <subfield code='3'>CBVEV042604</subfield>
    <subfield code='a'>Lope Felix de Vega Karpio</subfield>
    <subfield code='z'>Vega, Lope : de</subfield>
  </datafield>
  <datafield tag='900' ind1=' ' ind2='1'>
    <subfield code='3'>DCFIV062509</subfield>
    <subfield code='a'>Vega Carpio, Lope : de</subfield>
    <subfield code='z'>Vega, Lope : de</subfield>
  </datafield>
  <datafield tag='900' ind1=' ' ind2='1'>
    <subfield code='3'>DCFIV153264</subfield>
    <subfield code='a'>Vega Carpio, Felix Lope : de</subfield>
    <subfield code='z'>Vega, Lope : de</subfield>
  </datafield>
  <datafield tag='900' ind1=' ' ind2='1'>
    <subfield code='3'>CPARV377035</subfield>
    <subfield code='a'>Burguillos, Tome : de</subfield>
    <subfield code='z'>Vega, Lope : de</subfield>
  </datafield>
  <datafield tag='900' ind1=' ' ind2='1'>
    <subfield code='3'>DUSMV758919</subfield>
    <subfield code='a'>Vega Carpio, Lope FW1B0elix : de</subfield>
    <subfield code='z'>Vega, Lope : de</subfield>
  </datafield>
  <datafield tag='950' ind1=' ' ind2='0'>
    <subfield code='a'>LO1 44 Biblioteca Accademia dei Filodrammatici Milano</subfield>
    <subfield code='d'>G.VII 41</subfield>
    <subfield code='e'>   00003122</subfield>
  </datafield>
</record>

</collection>